@online{who2015facts,
author = {WHO},
title = {World Health Organization - Fact Sheet: Cardiovascular diseases (CVDs)},
year = {2017},
url = {http://www.who.int/mediacentre/factsheets/fs317/en/},
}

@incollection{depkes2014,
author = {Departemen Kesehatan},
title = {Situasi Kesehatan Jantung},
booktitle = {Publikasi Data dan Informasi},
year = {2014},
OPTurl = {http://www.depkes.go.id/folder/view/01/structure-publikasi-pusdatin-info-datin.html},
}

@article{ppg_vs_ecg,
author = {Pimentel, M.A. et al.},
title = {Probabilistic estimation of respiratory rate from wearable sensors},
journaltitle = {Springer International Publishing},
year = {2015},
OPTsubtitle = {in Wearable Electronics Sensors,},
OPTtitleaddon = {in Wearable Electronics Sensors,},
OPTnumber = {15, 241-262},
OPTdoi = {10.1007/978-3-319-18191-2_10},
}

@article{ecg_syncro,
author = {V Kalidas and L S Tamil},
title = {Cardiac arrhythmia classification using
multi-modal signal analysis},
journaltitle = {Physiological Measurement},
year = {2016},
OPTvolume = {Number 7, July 2017},
OPTnumber = {7},
}
%
%@article{ecg_syncro2,
%author = {BM McCarthy, CJ Vaughan, B OFlynn},
%title = {An examination of calibration intervals required for accurately tracking blood pressure using pulse transit time algorithms},
%journaltitle = {Journal of Human Hypertension},
%year = {2013},
%OPTdoi = {10.1038/jhh.2013.41},
%}
%
@online{nodejs,
title = {Node Js},
year = {2017},
url = {https://nodejs.org/en/},
}

@online{node_comparisson,
author = {Gouy, Isaac},
title = {The Computer Language Benchmarks Game},
year = {2016},
url = {http://benchmarksgame.alioth.debian.org/},
}
